@book{PRODANOV2013,
	author={Cleber Cristiano Prodanov and Ernani Cesar de Freitas},
    title={Metodologia do trabalho cientifico},
    year={2013},
    edition={2ª},
    subtitle={Métodos e Técnicas da Pesquisa
e do Trabalho Acadêmico},
	isbn={978-85-7717-158-3},
    publisher={Editora Feevale},
    address={Novo Hamburgo, RS},
    pages={13-141},
}
@book{GUIMARAES2012,
    author={Deocleciano Torrieri Guimarães},
	title={Dicionário compacto jurídico},
    year={2012},
	edition={16},
    address={São Paulo},
    publisher={Rideel},
    isbn={978-85-339-2023-1}
}
@book{GIL2002,
	author={Antonio Carlos Gil},
    title={Como elaborar projetos de pesquisa},
    edition={4ª},
    publisher={Atlas S.A.},
    year={2002},
    address={São Paulo, SP},
	isbn={85-224-3169-8},
    pages={23-85}
}

@book{BRINK2015,
	author={Henrik Brink and Joseph W. Richards and Mark Fetherolf},
    year={2015},
    title={Real-World Machine Learning},
    edition={MEAP},
    number={10},
    publisher={Manning},
    pages={2-26},
}

@book{GOLDBERG2017,
	author={Yoav Goldberg},
    title={Neural Network Methods for Natural Language Processing},
    editor={Graeme Hirst},
    isbn={978-16-27052-95-5},
    doi={10.2200/S00762ED1V01Y201703HLT037},
    year={2017},
    publisher={Morgan \& Claypool},
    pages={1-142},
}

@book{JUNIOR2012,
	author={Sidnei Amendoeira Junior},
    title={Manual de direito processual civil},
    subtitle={Teoria geral do processo e fase de conhecimento em primeiro grau de jurisdição},
    year={2012},
    edition={2},
    publisher={Editora Saraiva},
    volume={1},
    isbn={978-85-02-12710-4},
    address={São Paulo},
}
@incollection{RUSCHEL2011,
    author={Airton José Ruschel and Aires José Rover and Juliete Schneider},
    year={2011},
    title={Governo eletrônico: o judiciário na era do acesso},
    booktitle={CALLEJA, P.L. (Org). La Administración Electrónica como Herramienta de Inclusión Digital},
    publisher={Zaragoza: Prensas Universitarias de Zaragoza},
    isbn={978-84-15274-66-7},
 	series={LEFIS series; 13},
    pages={59 - 79},
    address={Zaragoza, Espanha},
}

@article{OLIVEIRA2017,
	title={Automatic classification of journalistic documents on the Internet},
	journal={Transinformação},
	author={Elias OLIVEIRA AND Delermando BRANQUINHO FILHO},
	ISSN={0103-3786},
	language={en},
	URL={http://www.scielo.br/scielo.php?script=sci_arttext&pid=S0103-37862017000300245&nrm=iso},
	volume={29},
	year={2017},
	month={12},
	pages={245 - 255},
	publisher={scielo},
}

@inproceedings{ESLICKandLIU2005,
	title={Langutils: A Natural Language Toolkit for Common Lisp},
	author={Ian Eslick and Hugo Liu},
    year={2005},
    booktitle={Proceedings of the International Conference on Lisp},
    address={Stanford, California},
}

@inproceedings{CROWSTON2017,
	author={Kevin Crowston and Jeffrey S. Saltz and Ivan Shamshurin},
	title={Comparing Data Science Project Management Methodologies via a Controlled Experiment},
	year={2017},
    number={50},
    isbn={978-0-9981331-0-2},
    booktitle={Proceedings of the 50th Hawaii International Conference on System Sciences},
    doi={10.24251/HICSS.2017.120},
    address={Mānoa, Hawaii},
    pages={10},
}

@manual{CHAPMAN2000,
	author={Pete Chapman and Julian Clinton and Randy Kerber and Thomas Khabaza and Thomas Reinartz and Colin Shearer and Rüdiger Wirth},
    title={CRISP-DM 1.0},
    subtitle={Step-by-step data mining guide},
    year={2000},
    organization={CRISP-DM consortium},
    url={https://www.the-modeling-agency.com/crisp-dm.pdf},
    urlaccessdate={20-05-2018}
}

@misc{BRASIL1988,
	author={Brasil},
    title={Constituição da República Federativa do Brasil},
    year={1988},
    note={Brasília, DF},
    organization={Senado},
}

@manual{STF2010,
	org-Short={BRASIL},
	organization={BRASIL. {Supremo Tribunal Federal}},
	title={Resolução Nº 427, de 20 de abril de 2010},
	year={2010},
	address={Brasília, DF},
	pages={1-6},
}
@misc{BRASIL2012,
    org-short={BRASIL},
    organization={BRASIL},
    title={Lei Nº 12.665, de 13 de junho de 2012},
    year={2012},
	address={Brasília, DF},
    url={https://www.planalto.gov.br/ccivil_03/_ato2011-2014/2012/lei/l12665.htm},
    urlaccessdate={26-05-2018},
}
@misc{BRASIL1992,
    org-short={BRASIL},
    organization={BRASIL},
    title={Lei Nº 8.457, de 4 de setembro de 1992},
    year={1992},
	address={Brasília, DF},
    url={https://www.planalto.gov.br/ccivil_03/leis/l8457.htm},
    urlaccessdate={26-05-2018},
}
@manual{CNJ2009,
	org-Short={BRASIL},
	organization={BRASIL. {Conselho Nacional de Justiça}},
	title={Termo de acordo de cooperação técnica Nº 058/2009},
    year={2009},
	pages={1-5},
    address={Brasília, DF},
}

@manual{CONGRESSO2011,
    org-short={BRASIL},
    organization={BRASIL. {Congresso Nacional}},
    title={Lei Nº 12.527, de 18 de novembro de 2011},
    year={2011},
	address={Brasília, DF},
}

@online{PJe2018,
	org-short={BRASIL},
    organization={BRASIL. {Conselho Nacional de Justiça}},
    year={2018},
	title={Wiki PJe},
    url={http://www.pje.jus.br/wiki/index.php/P%C3%A1gina_principal},
    urlaccessdate={18-05-2018},
}